<record><leader>00000cas a22000007a 4500</leader><controlfield tag="001">13538038</controlfield><controlfield tag="008">860507d18691870pauwr ne      0    0eng  </controlfield><controlfield tag="009">466</controlfield><datafield ind1=" " ind2=" " tag="010"><subfield code="a">sn 86071458 </subfield></datafield><datafield ind1=" " ind2=" " tag="040"><subfield code="a">DLC</subfield><subfield code="b">eng</subfield><subfield code="c">DLC</subfield><subfield code="d">NPX</subfield><subfield code="d">NPH</subfield></datafield><datafield ind1="1" ind2=" " tag="029"><subfield code="a">AU@</subfield><subfield code="b">000025785775</subfield></datafield><datafield ind1=" " ind2=" " tag="042"><subfield code="a">msc</subfield></datafield><datafield ind1="0" ind2="0" tag="050"><subfield code="a">Newspaper 9449</subfield></datafield><datafield ind1="0" ind2="0" tag="245"><subfield code="a">Huntingdon County Republican.</subfield></datafield><datafield ind1=" " ind2=" " tag="260"><subfield code="a">Huntingdon, Pa. :</subfield><subfield code="b">Theo. H. Cremer,</subfield><subfield code="c">1869-1870.</subfield></datafield><datafield ind1=" " ind2=" " tag="300"><subfield code="a">2 v. ;</subfield><subfield code="c">53 cm.</subfield></datafield><datafield ind1=" " ind2=" " tag="310"><subfield code="a">Weekly</subfield></datafield><datafield ind1="0" ind2=" " tag="362"><subfield code="a">Vol. 1, no. 8 (Nov. 3, 1869)-v. 2, no. 17 [i.e. 18] (Dec. 3, 1870).</subfield></datafield><datafield ind1=" " ind2=" " tag="752"><subfield code="a">United States</subfield><subfield code="b">Pennsylvania</subfield><subfield code="c">Huntingdon</subfield><subfield code="d">Huntingdon.</subfield></datafield><datafield ind1="0" ind2="0" tag="780"><subfield code="t">Republican (Huntingdon, Pa.)</subfield><subfield code="w">(DLC)sn 86071457</subfield></datafield><datafield ind1="0" ind2="4" tag="785"><subfield code="t">Journal and American</subfield><subfield code="w">(DLC)sn 86081930</subfield></datafield><datafield ind1="0" ind2="7" tag="785"><subfield code="t">Huntingdon journal (Huntingdon, Pa. : 1871)</subfield><subfield code="w">(DLC)sn 83032115</subfield></datafield></record>